@Book{Rotman1995,
  author    = {Rotman, Joseph J.},
  publisher = {New York, NY: Springer-Verlag},
  title     = {An introduction to the theory of groups},
  year      = {1995},
  edition   = {4th ed.},
  isbn      = {0-387-94285-8},
  series    = {Grad. Texts Math.},
  volume    = {148},
  fseries   = {Graduate Texts in Mathematics},
  issn      = {0072-5285},
  keywords  = {20-01},
  language  = {English},
  zbl       = {0810.20001},
  zbmath    = {706263},
}

@Book{Lam2001,
	Author = {Lam, T. Y.},
	Title = {A first course in noncommutative rings.},
	Edition = {2nd ed.},
	FSeries = {Graduate Texts in Mathematics},
	Series = {Grad. Texts Math.},
	ISSN = {0072-5285},
	Volume = {131},
	ISBN = {0-387-95325-6; 0-387-95183-0},
	Year = {2001},
	Publisher = {New York, NY: Springer},
	Language = {English},
	Keywords = {16-01,16D70,16D60,16L30,16W60},
	zbMATH = {1633834},
	Zbl = {0980.16001}
}

@Book{Eisenbud1995,
	Author = {Eisenbud, David},
	Title = {Commutative algebra. {With} a view toward algebraic geometry},
	FSeries = {Graduate Texts in Mathematics},
	Series = {Grad. Texts Math.},
	ISSN = {0072-5285},
	Volume = {150},
	ISBN = {3-540-94269-6; 3-540-94268-8},
	Year = {1995},
	Publisher = {Berlin: Springer-Verlag},
	Language = {English},
	Keywords = {13-01,14-01,13-03,13Axx,13Cxx,13A50,13C15},
	zbMATH = {704831},
	Zbl = {0819.13001}
}

@Book{Osborne2000,
	Author = {Osborne, M. Scott},
	Title = {Basic homological algebra},
	FSeries = {Graduate Texts in Mathematics},
	Series = {Grad. Texts Math.},
	ISSN = {0072-5285},
	Volume = {196},
	ISBN = {0-387-98934-X},
	Year = {2000},
	Publisher = {New York, NY: Springer},
	Language = {English},
	Keywords = {18-01,18Gxx},
	zbMATH = {1478715},
	Zbl = {0948.18001}
}

@Book{Morandi1996,
	Author = {Morandi, Patrick},
	Title = {Field and {Galois} theory},
	FSeries = {Graduate Texts in Mathematics},
	Series = {Grad. Texts Math.},
	ISSN = {0072-5285},
	Volume = {167},
	ISBN = {0-387-94753-1},
	Year = {1996},
	Publisher = {New York, NY: Springer},
	Language = {English},
	Keywords = {12-01,12F10,11R32,12F20,11-01},
	zbMATH = {933466},
	Zbl = {0865.12001}
}

@Book{Escofier2001,
	Author = {Escofier, Jean-Pierre},
	Title = {Galois theory},
	FSeries = {Graduate Texts in Mathematics},
	Series = {Grad. Texts Math.},
	ISSN = {0072-5285},
	Volume = {204},
	ISBN = {0-387-98765-7},
	Year = {2001},
	Publisher = {Berlin: Springer},
	Language = {English},
	Keywords = {12-01,11R32,12F10,11-01,12Fxx,01A55},
	zbMATH = {1492986},
	Zbl = {0967.12001}
}

@Book{Roman2006,
	Author = {Roman, Steven},
	Title = {Field theory},
	Edition = {2nd ed.},
	FSeries = {Graduate Texts in Mathematics},
	Series = {Grad. Texts Math.},
	ISSN = {0072-5285},
	Volume = {158},
	ISBN = {0-387-27677-7},
	Year = {2006},
	Publisher = {New York, NY: Springer},
	Language = {English},
	Keywords = {12-01,11Txx,12Fxx},
	zbMATH = {5012645},
	Zbl = {1172.12001}
}

@Book{Lang2002,
	Author = {Lang, Serge},
	Title = {Algebra},
	Edition = {3rd revised ed.},
	FSeries = {Graduate Texts in Mathematics},
	Series = {Grad. Texts Math.},
	ISSN = {0072-5285},
	Volume = {211},
	ISBN = {0-387-95385-X},
	Year = {2002},
	Publisher = {New York, NY: Springer},
	Language = {English},
	Keywords = {00A05,12-01,13-01,15-01,16-01,18-01,20-01,14-01,11-01},
	zbMATH = {1703931},
	Zbl = {0984.00001}
}

@Book{Jacobson1989,
	Author = {Jacobson, Nathan},
	Title = {Basic algebra {II}},
	Edition = {2nd ed.},
	ISBN = {0-7167-1933-9},
	Year = {1989},
	Publisher = {New York, NY: W. H. Freeman {and} Company},
	Language = {English},
	Keywords = {16-01,13-01,12-01,18-01,16-02,12-02,13-02,18-02},
	zbMATH = {195162},
	Zbl = {0694.16001}
}

@Book{Jacobson1985,
	Author = {Jacobson, Nathan},
	Title = {Basic algebra {I}},
	Year = {1985},
	Language = {English},
	HowPublished = {New {York}: {W}. {H}. {Freeman} and {Company}. {XVIII}, 499 p. {{\textsterling}} 19.95 (1985).},
	Keywords = {16-01,12-01,13-01,20-01,00A05,06-01,15-01},
	zbMATH = {3887879},
	Zbl = {0557.16001}
}

@Book{FultonHarris1991,
	Author = {Fulton, William and Harris, Joe},
	Title = {Representation theory. {A} first course},
	FSeries = {Graduate Texts in Mathematics},
	Series = {Grad. Texts Math.},
	ISSN = {0072-5285},
	Volume = {129},
	ISBN = {0-387-97495-4; 0-387-97527-6},
	Year = {1991},
	Publisher = {New York etc.: Springer-Verlag},
	Language = {English},
	Keywords = {22-01,20-01,20G05,22E46,17B10,22E60,17B20,17-01},
	zbMATH = {51906},
	Zbl = {0744.22001}
}

@book{AtiyahMacDonald1994,
	title={Introduction To Commutative Algebra},
	author={Atiyah, M.F. and MacDonald, I.G.},
	isbn={9780813345444},
	series={Addison-Wesley series in mathematics},
	year={1994},
	publisher={Avalon Publishing}
}


@Book{DummitFoote2004,
	Author = {Dummit, David S. and Foote, Richard M.},
	Title = {Abstract algebra},
	Edition = {3rd ed.},
	ISBN = {0-471-45234-3},
	Year = {2004},
	Publisher = {Chichester: Wiley},
	Language = {English},
	Keywords = {00A05,20-01,12-01,13-01,16-01,15-01},
	zbMATH = {1970438},
	Zbl = {1037.00003}
}

@Book{MacLane1998,
	Author = {Mac Lane, Saunders},
	Title = {Categories for the working mathematician},
	Edition = {2nd ed},
	FSeries = {Graduate Texts in Mathematics},
	Series = {Grad. Texts Math.},
	ISSN = {0072-5285},
	Volume = {5},
	ISBN = {0-387-98403-8},
	Year = {1998},
	Publisher = {New York, NY: Springer},
	Language = {English},
	Keywords = {18-01},
	zbMATH = {1216133},
	Zbl = {0906.18001}
}

@Book{Grillet2007,
	Author = {Grillet, Pierre Antoine},
	Title = {Abstract algebra},
	Edition = {2nd ed.},
	FSeries = {Graduate Texts in Mathematics},
	Series = {Grad. Texts Math.},
	ISSN = {0072-5285},
	Volume = {242},
	ISBN = {978-0-387-71567-4},
	Year = {2007},
	Publisher = {New York, NY: Springer},
	Language = {English},
	DOI = {10.1007/978-0-387-71568-1},
	Keywords = {00A05,12-01,08-01,18-01,13-01},
	zbMATH = {5152724},
	Zbl = {1122.00001}
}

 
@Book{Hungerford1974,
	Author = {Hungerford, Thomas W.},
	Title = {Algebra},
	FSeries = {Graduate Texts in Mathematics},
	Series = {Grad. Texts Math.},
	ISSN = {0072-5285},
	Volume = {73},
	Year = {1980},
	Publisher = {Springer, Cham},
	Language = {English},
	Keywords = {00A05,20-01,13-01,12-01,16-01,12Fxx,12Exx,15-01,15A15},
	zbMATH = {3689291},
	Zbl = {0442.00002}
}

@Book{Aluffi2009,
	Author = {Aluffi, Paolo},
	Title = {Algebra: {Chapter} 0},
	FSeries = {Graduate Studies in Mathematics},
	Series = {Grad. Stud. Math.},
	ISSN = {1065-7338},
	Volume = {104},
	ISBN = {978-0-8218-4781-7},
	Year = {2009},
	Publisher = {Providence, RI: American Mathematical Society (AMS)},
	Language = {English},
	Keywords = {00-01,12-01,13-01,15-01,18-01,20-01},
	zbMATH = {5538758},
	Zbl = {1179.00001}
}

 
@Book{Roman2008,
	Author = {Roman, Steven},
	Title = {Advanced linear algebra},
	Edition = {3rd ed.},
	FSeries = {Graduate Texts in Mathematics},
	Series = {Grad. Texts Math.},
	ISSN = {0072-5285},
	Volume = {135},
	ISBN = {978-0-387-72828-5},
	Year = {2008},
	Publisher = {New York, NY: Springer},
	Language = {English},
	Keywords = {15-02,46C05,47B15,15A06,15A04,16D10,15A18,15A63,15A69,51N10,65F20},
	zbMATH = {5162350},
	Zbl = {1132.15002}
}

 
@Book{Shafarevich2013,
  author    = {Shafarevich, Igor R. and Remizov, Alexey O.},
  publisher = {Springer Berlin Heidelberg},
  title     = {Linear Algebra and Geometry},
  year      = {2013},
  isbn      = {9783642309946},
  doi       = {10.1007/978-3-642-30994-6},
}

@Book{Conway2007,
  author    = {John B. Conway},
  publisher = {Springer New York, NY},
  title     = {A Course in Functional Analysis},
  year      = {2007},
}

@Book{Rotman2015,
	Author = {Rotman, Joseph J.},
	Title = {Advanced modern algebra. {Part} 1},
	Edition = {3rd edition},
	FSeries = {Graduate Studies in Mathematics},
	Series = {Grad. Stud. Math.},
	ISSN = {1065-7338},
	Volume = {165},
	ISBN = {978-1-4704-1554-9},
	Year = {2015},
	Publisher = {Providence, RI: American Mathematical Society (AMS)},
	Language = {English},
	Keywords = {00A05,12-01,13-01,16-01,18-01,20-01},
	zbMATH = {6530473},
	Zbl = {1332.00008}
}

@Book{Rotman2017,
	Author = {Rotman, Joseph J.},
	Title = {Advanced modern algebra. {Part} 2},
	Edition = {3rd edition},
	FSeries = {Graduate Studies in Mathematics},
	Series = {Grad. Stud. Math.},
	ISSN = {1065-7338},
	Volume = {180},
	ISBN = {978-1-4704-2311-7; 978-1-4704-4170-8},
	Year = {2017},
	Publisher = {Providence, RI: American Mathematical Society (AMS)},
	Language = {English},
	Keywords = {00A05,12-01,18-01,13-01,16-01,20-01},
	zbMATH = {6776495},
	Zbl = {1390.00002}
}

@Book{Lam2005,
	Author = {Lam, T. Y.},
	Title = {Introduction to quadratic forms over fields},
	FSeries = {Graduate Studies in Mathematics},
	Series = {Grad. Stud. Math.},
	ISSN = {1065-7338},
	Volume = {67},
	ISBN = {0-8218-1095-2},
	Year = {2005},
	Publisher = {Providence, RI: American Mathematical Society (AMS)},
	Language = {English},
	Keywords = {11Exx,11-02,12D15,15A63,15A66,16K20,16K50,16W50},
	zbMATH = {2132158},
	Zbl = {1068.11023}
}

@Book{Greub1981,
	Author = {Greub, Werner},
	Title = {Linear algebra},
	FSeries = {Graduate Texts in Mathematics},
	Series = {Grad. Texts Math.},
	ISSN = {0072-5285},
	Volume = {23},
	Year = {1981},
	Publisher = {Springer, Cham},
	Language = {English},
	Keywords = {15-01},
	zbMATH = {3739756},
	Zbl = {0472.15001}
}

@Book{Greub1978,
	Author = {Greub, Werner},
	Title = {Multilinear algebra},
	FSeries = {Universitext},
	Series = {Universitext},
	ISSN = {0172-5939},
	Year = {1978},
	Publisher = {Springer, Cham},
	Language = {English},
	Keywords = {15-01,15A69,15A75,15A66},
	zbMATH = {3601711},
	Zbl = {0387.15001}
}

@book{Elman,
	author = {Richard Elman},
	title = {Lectures on Abstract Algebra},
	Edition = {Preliminary Version},
	date = {}
}

@Book{Suzuki1982,
  author    = {M. Suzuki},
  publisher = {Springer Berlin, Heidelberg},
  title     = {Group Theory {I}},
  year      = {1982},
}

@Book{Artin1991,
  author    = {Artin, Michael},
  publisher = {Englewood Cliffs, NJ: Prentice-Hall},
  title     = {Algebra},
  year      = {1991},
  isbn      = {0-13-004763-5},
  keywords  = {00A05,00-01,20-01,14-01,15-01,12-01},
  language  = {English},
  zbl       = {0788.00001},
  zbmath    = {425998},
}

@Book{Li2025,
  author = {Li, Wen-Wei},
  title  = {Methods of algebra: Volume 1 (in Chinese)},
  year   = {2025},
}

@Book{Isaacs2009,
  author    = {Isaacs, I. Marin},
  publisher = {Providence, RI: American Mathematical Society (AMS)},
  title     = {Algebra. {A} graduate course},
  year      = {2009},
  isbn      = {978-0-8218-4799-2},
  series    = {Grad. Stud. Math.},
  volume    = {100},
  fseries   = {Graduate Studies in Mathematics},
  issn      = {1065-7339},
  keywords  = {00A05,12-01,13-01,16-01,20-01,00-01,01A75,14A05},
  language  = {English},
  zbl       = {1157.00004},
  zbmath    = {5376784},
}

@Book{Robinson1982,
  author    = {Robinson, Derek J. S.},
  publisher = {Springer, Cham},
  title     = {A course in the theory of groups},
  year      = {1982},
  series    = {Grad. Texts Math.},
  volume    = {80},
  fseries   = {Graduate Texts in Mathematics},
  issn      = {0072-5285},
  keywords  = {20-01,20Exx,20Fxx},
  language  = {English},
  zbl       = {0483.20001},
  zbmath    = {3758564},
}

@Book{Kaplansky1954,
  author       = {Kaplansky, Irving},
  publisher    = {{University} of {Michigan} {Press}},
  title        = {Infinite abelian groups},
  year         = {1954},
  address      = {{Ann} {Arbor}},
  howpublished = {(University of {Michigan} {Publications} in {Mathematics}. {No}. 2.) {Ann} {Arbor}: {University} of {Michigan} {Press} {V}, 91 p. (1954).},
  language     = {English},
  zbl          = {0057.01901},
  zbmath       = {3090999},
}

@Book{Kaplansky1977,
  author       = {Kaplansky, Irving},
  publisher    = {{Chelsea} {Publishing} {Company}},
  title        = {Set theory and metric spaces. 2nd ed},
  year         = {1977},
  address      = {New {York}},
  howpublished = {New {York}: {Chelsea} {Publishing} {Company}. {XII}, 140 p. \$ 8.50 (1977).},
  keywords     = {54-01,03-01,54E35},
  language     = {English},
  zbl          = {0397.54002},
  zbmath       = {3617138},
}

@Book{Alperin1995,
  author    = {Alperin, J. L. and Bell, Rowen B.},
  publisher = {New York, NY: Springer-Verlag},
  title     = {Groups and representations},
  year      = {1995},
  isbn      = {0-387-94526-1},
  series    = {Grad. Texts Math.},
  volume    = {162},
  fseries   = {Graduate Texts in Mathematics},
  issn      = {0072-5285},
  keywords  = {20-01,20C15,20Dxx,20D20,20D10},
  language  = {English},
  zbl       = {0839.20001},
  zbmath    = {826242},
}

@Book{Dixon1996,
  author    = {Dixon, John D. and Mortimer, Brian},
  publisher = {New York, NY: Springer-Verlag},
  title     = {Permutation groups},
  year      = {1996},
  isbn      = {0-387-94599-7},
  series    = {Grad. Texts Math.},
  volume    = {163},
  fseries   = {Graduate Texts in Mathematics},
  issn      = {0072-5285},
  keywords  = {20Bxx,20-01,20B05,20B07,20B10,20B15,20B20,20B22,20B27,20B30,20B35,20B40},
  language  = {English},
  zbl       = {0951.20001},
  zbmath    = {894528},
}

@Book{Praeger2018,
  author    = {Praeger, Cheryl E. and Schneider, Csaba},
  publisher = {Cambridge: Cambridge University Press},
  title     = {Permutation groups and {Cartesian} decompositions},
  year      = {2018},
  isbn      = {978-0-521-67506-2; 978-1-139-19400-6},
  series    = {Lond. Math. Soc. Lect. Note Ser.},
  volume    = {449},
  doi       = {10.1017/9781139194006},
  fseries   = {London Mathematical Society Lecture Note Series},
  issn      = {0076-0552},
  keywords  = {20-02,20B30,20-08,05E10},
  language  = {English},
  url       = {semanticscholar.org/paper/4ced2ca3b14b9fbdc6c5f4cb043953b9c97f476d},
  zbl       = {1428.20002},
  zbmath    = {6854452},
}

@Book{Cameron1999,
  author    = {Cameron, Peter J.},
  publisher = {Cambridge: Cambridge University Press},
  title     = {Permutation groups},
  year      = {1999},
  isbn      = {0-521-65378-9; 0-521-65302-9},
  series    = {Lond. Math. Soc. Stud. Texts},
  volume    = {45},
  fseries   = {London Mathematical Society Student Texts},
  issn      = {0963-1631},
  keywords  = {20B05,20-01,20B07,20B15,20B20,20B40,20B27,20-02},
  language  = {English},
  zbl       = {0922.20003},
  zbmath    = {1261512},
}

@Book{Meldrum1995,
  author    = {Meldrum, J. D. P.},
  publisher = {Harlow, Essex: Longman Group Ltd.},
  title     = {Wreath products of groups and semigroups},
  year      = {1995},
  isbn      = {0-582-02693-8},
  series    = {Pitman Monogr. Surv. Pure Appl. Math.},
  volume    = {74},
  fseries   = {Pitman Monographs and Surveys in Pure and Applied Mathematics},
  issn      = {0269-3666},
  keywords  = {20-02,20E22,20M20,20B35,20E34,20M10},
  language  = {English},
  zbl       = {0833.20001},
  zbmath    = {781164},
}

@Book{Halmos1974,
  author    = {Halmos, Paul R.},
  publisher = {Springer, Cham},
  title     = {Naive set theory},
  year      = {1974},
  series    = {Undergraduate Texts Math.},
  fseries   = {Undergraduate Texts in Mathematics},
  issn      = {0172-6056},
  keywords  = {03-01,03Exx},
  language  = {English},
  zbl       = {0287.04001},
  zbmath    = {3450200},
}

@Book{Jech2003,
  author    = {Jech, Thomas},
  publisher = {Berlin: Springer},
  title     = {Set theory.},
  year      = {2003},
  edition   = {The third millennium edition, revised and expanded},
  isbn      = {3-540-44085-2},
  series    = {Springer Monogr. Math.},
  doi       = {10.1007/3-540-44761-X},
  fseries   = {Springer Monographs in Mathematics},
  issn      = {1439-7382},
  keywords  = {03-02,03Exx,03-01,03E05,03E45,03E15,03E40,03E50,03E55,03E35,03E60,03E04,03E10,03E17,03E02},
  language  = {English},
  zbl       = {1007.03002},
  zbmath    = {1833668},
}

@Book{Bergman2015,
  author    = {Bergman, George M.},
  publisher = {Cham: Springer},
  title     = {An invitation to general algebra and universal constructions.},
  year      = {2015},
  edition   = {2nd ed.},
  isbn      = {978-3-319-11477-4; 978-3-319-11478-1},
  series    = {Universitext},
  doi       = {10.1007/978-3-319-11478-1},
  fseries   = {Universitext},
  issn      = {0172-5939},
  keywords  = {08-01,18-01,08A02,08A05,18Axx},
  language  = {English},
  zbl       = {1317.08001},
  zbmath    = {6350970},
}

@Article{Ribes2010,
  author   = {Ribes, Luis and Steinberg, Benjamin},
  journal  = {Enseign. Math. (2)},
  title    = {A wreath product approach to classical subgroup theorems.},
  year     = {2010},
  issn     = {0013-8584},
  number   = {1-2},
  pages    = {49--72},
  volume   = {56},
  doi      = {10.4171/LEM/56-1-2},
  fjournal = {L'Enseignement Math{\'e}matique. 2e S{\'e}rie},
  keywords = {20E07,20E22,20E05,20E06,20E18},
  language = {English},
  zbl      = {1209.20024},
  zbmath   = {5788663},
}

 
@Book{Wilson2009,
  author    = {Wilson, Robert A.},
  publisher = {Springer London},
  title     = {The Finite Simple Groups},
  year      = {2009},
  isbn      = {9781848009882},
  doi       = {10.1007/978-1-84800-988-2},
  issn      = {0072-5285},
  journal   = {Graduate Texts in Mathematics},
}

@Book{Smith2018,
  author    = {Smith, Stephen D.},
  publisher = {Providence, RI: American Mathematical Society (AMS)},
  title     = {Applying the classification of finite simple groups. {A} user's guide},
  year      = {2018},
  isbn      = {978-1-4704-4291-0; 978-1-4704-4682-6},
  series    = {Math. Surv. Monogr.},
  volume    = {230},
  doi       = {10.1090/surv/230},
  fseries   = {Mathematical Surveys and Monographs},
  issn      = {0076-5376},
  keywords  = {20-02,20D05,20Bxx,20Cxx,20E32},
  language  = {English},
  zbl       = {1415.20004},
  zbmath    = {6871293},
}

@Article{Aschbacher1985,
  author   = {Aschbacher, M. and Scott, L.},
  journal  = {J. Algebra},
  title    = {Maximal subgroups of finite groups},
  year     = {1985},
  issn     = {0021-8693},
  pages    = {44--80},
  volume   = {92},
  doi      = {10.1016/0021-8693(85)90145-0},
  fjournal = {Journal of Algebra},
  keywords = {20D05,20D25,20D30,20J05},
  language = {English},
  zbl      = {0549.20011},
  zbmath   = {3875516},
}

@Article{Liebeck1988,
  author   = {Liebeck, Martin W. and Praeger, Cheryl E. and Saxl, Jan},
  journal  = {J. Aust. Math. Soc., Ser. A},
  title    = {On the {O}'{Nan}-{Scott} theorem for finite primitive permutation groups},
  year     = {1988},
  issn     = {0263-6115},
  number   = {3},
  pages    = {389--396},
  volume   = {44},
  fjournal = {Journal of the Australian Mathematical Society. Series A},
  keywords = {20B15,20B05},
  language = {English},
  zbl      = {0647.20005},
  zbmath   = {4055862},
}

@Book{Johnson1997,
  author    = {Johnson, D. L.},
  publisher = {Cambridge: Cambridge University Press},
  title     = {Presentations of groups.},
  year      = {1997},
  isbn      = {0-521-58542-2},
  series    = {Lond. Math. Soc. Stud. Texts},
  volume    = {15},
  fseries   = {London Mathematical Society Student Texts},
  issn      = {0963-1631},
  keywords  = {20F05,20-02},
  language  = {English},
  zbl       = {0906.20019},
  zbmath    = {1032970},
}

@Comment{jabref-meta: databaseType:bibtex;}
